<record><leader>00000cas a22000007a 4500</leader><controlfield tag="001">17894499</controlfield><controlfield tag="008">880504d19231928ohuwr ne      0    0eng d</controlfield><datafield ind1=" " ind2=" " tag="010"><subfield code="a">sn 88077458 </subfield></datafield><datafield ind1=" " ind2=" " tag="040"><subfield code="a">ONP</subfield><subfield code="b">eng</subfield><subfield code="c">ONP</subfield><subfield code="d">OCLCQ</subfield></datafield><datafield ind1=" " ind2=" " tag="042"><subfield code="a">msc</subfield></datafield><datafield ind1="0" ind2=" " tag="130"><subfield code="a">Peoples press (Hillsboro, Ohio)</subfield></datafield><datafield ind1="1" ind2="4" tag="245"><subfield code="a">The Peoples press.</subfield></datafield><datafield ind1=" " ind2=" " tag="260"><subfield code="a">Hillsboro, Ohio :</subfield><subfield code="b">Press Print. &amp; Pub. Co.,</subfield><subfield code="c">1923-</subfield></datafield><datafield ind1=" " ind2=" " tag="310"><subfield code="a">Weekly</subfield></datafield><datafield ind1="0" ind2=" " tag="362"><subfield code="a">Vol. 1, no. 1 (Nov. 7, 1923)-</subfield></datafield><datafield ind1="1" ind2=" " tag="362"><subfield code="a">Ceased in Feb. 1928.</subfield></datafield><datafield ind1=" " ind2=" " tag="752"><subfield code="a">United States</subfield><subfield code="b">Ohio</subfield><subfield code="c">Highland</subfield><subfield code="d">Hillsboro.</subfield></datafield><datafield ind1="0" ind2="4" tag="785"><subfield code="t">Hillsborough gazette (Hillsboro, Ohio : 1866)</subfield><subfield code="w">(DLC)sn 85038169</subfield></datafield><datafield ind1="0" ind2="4" tag="785"><subfield code="t">Press-gazette (Hillsboro, Ohio : 1928)</subfield><subfield code="w">(DLC)sn 85000860</subfield></datafield></record>